@article{DisCoWillBob,
  title = {Quantum Algorithms for Compositional Natural Language Processing},
  author = {William Zeng and Bob Coecke},
  journal = {Proceedings of SLPCS},
  year = {2016}
}
